<?xml version="1.0" encoding="UTF-8"?><record xmlns="http://www.loc.gov/MARC21/slim" xmlns:cinclude="http://apache.org/cocoon/include/1.0" xmlns:zs="http://www.loc.gov/zing/srw/">
  <leader>00979cz  a2200157n  4500</leader>
  <controlfield tag="001">n  85279328 </controlfield>
  <controlfield tag="003">DLC</controlfield>
  <controlfield tag="005">20120731081816.0</controlfield>
  <controlfield tag="008">860528n| acannaab           |a ana     b</controlfield>
  <datafield tag="010" ind1=" " ind2=" ">
    <subfield code="a">n  85279328 </subfield>
  </datafield>
  <datafield tag="040" ind1=" " ind2=" ">
    <subfield code="a">DNLM</subfield>
    <subfield code="b">eng</subfield>
    <subfield code="c">DLC</subfield>
    <subfield code="d">DLC</subfield>
  </datafield>
  <datafield tag="111" ind1="2" ind2=" ">
    <subfield code="a">International Conference on Mechanisms of Antimutagenesis and Anticarcinogenesis</subfield>
  </datafield>
  <datafield tag="411" ind1="2" ind2=" ">
    <subfield code="a">Conference on Mechanisms of Antimutagenesis and Anticarcinogenesis, International</subfield>
  </datafield>
  <datafield tag="667" ind1=" " ind2=" ">
    <subfield code="a">THIS 1XX FIELD CANNOT BE USED UNDER RDA UNTIL THIS RECORD HAS BEEN REVIEWED AND/OR UPDATED</subfield>
  </datafield>
  <datafield tag="670" ind1=" " ind2=" ">
    <subfield code="a">Its Antimutagenesis and anticarcinogenesis, c1986:</subfield>
    <subfield code="b">CIP t.p. verso (International Conference on Mechanisms of Antimutagenesis and Anticarcinogenesis, held Oct. 6-10, 1985, at the Univ. of Kansas, Lawrence, Kan.)</subfield>
  </datafield>
  <datafield tag="670" ind1=" " ind2=" ">
    <subfield code="a">Its (2nd : 1988 : Ohito, Japan). Antimutagenesis and anticarcinogenesis II, c1990:</subfield>
    <subfield code="b">CIP t.p. verso (2nd International Conference on Mechanisms of Antimutagenesis and Anticarcinogenesis, held 12/4-9/88, in Ohito, Japan)</subfield>
  </datafield>
</record>